<record><leader>00000cas a22000007a 4500</leader><controlfield tag="001">15580864</controlfield><controlfield tag="008">870423d185u1uuucauwr ne      0    0eng d</controlfield><datafield ind1=" " ind2=" " tag="010"><subfield code="a">sn 87067105 </subfield></datafield><datafield ind1=" " ind2=" " tag="040"><subfield code="a">NNX</subfield><subfield code="b">eng</subfield><subfield code="c">NNX</subfield><subfield code="d">CNK</subfield><subfield code="d">OCL</subfield><subfield code="d">OCLCQ</subfield><subfield code="d">OCLCF</subfield><subfield code="d">OCLCO</subfield></datafield><datafield ind1="1" ind2=" " tag="029"><subfield code="a">AU@</subfield><subfield code="b">000020236800</subfield></datafield><datafield ind1=" " ind2=" " tag="042"><subfield code="a">msc</subfield></datafield><datafield ind1=" " ind2=" " tag="043"><subfield code="a">n-us-ca</subfield></datafield><datafield ind1="0" ind2=" " tag="130"><subfield code="a">Sierra citizen (Downieville, Calif. : 1859)</subfield></datafield><datafield ind1="1" ind2="4" tag="245"><subfield code="a">The Sierra citizen.</subfield></datafield><datafield ind1=" " ind2=" " tag="260"><subfield code="a">Downieville, Sierra County, Calif. :</subfield><subfield code="b">H. King, T.L. Ham, &amp; W. Wright</subfield></datafield><datafield ind1=" " ind2=" " tag="300"><subfield code="a">v.</subfield></datafield><datafield ind1=" " ind2=" " tag="310"><subfield code="a">Weekly</subfield></datafield><datafield ind1=" " ind2=" " tag="588"><subfield code="a">Description based on: Vol. 6, no. 7 (Mar. 19, 1859).</subfield></datafield><datafield ind1=" " ind2="0" tag="651"><subfield code="a">Sierra County (Calif.)</subfield><subfield code="v">Newspapers.</subfield></datafield><datafield ind1=" " ind2="7" tag="655"><subfield code="a">Newspapers.</subfield><subfield code="2">fast</subfield><subfield code="0">(OCoLC)fst01423814</subfield></datafield><datafield ind1=" " ind2="7" tag="651"><subfield code="a">California</subfield><subfield code="z">Sierra County.</subfield><subfield code="2">fast</subfield><subfield code="0">(OCoLC)fst01215843</subfield></datafield><datafield ind1=" " ind2=" " tag="752"><subfield code="a">United States</subfield><subfield code="b">California</subfield><subfield code="c">Sierra</subfield><subfield code="d">Downieville.</subfield></datafield><datafield ind1="0" ind2="0" tag="780"><subfield code="t">Weekly Sierra citizen</subfield><subfield code="w">(DLC)sn 84038779</subfield><subfield code="w">(OCoLC)11513242</subfield></datafield></record>